<?xml version="1.0" encoding="UTF-8"?><collection xmlns="http://www.loc.gov/MARC21/slim"><record><leader>00583nam--2200193-i-4500</leader><controlfield tag="001">000025366</controlfield><controlfield tag="002">20161230</controlfield><controlfield tag="005">20161230201035</controlfield><controlfield tag="008">060222s1000------------r-----000-0-fre-d</controlfield><datafield ind1=" " ind2=" " tag="040"><subfield code="a">IFIN-HH</subfield></datafield><datafield ind1=" " ind2=" " tag="041"><subfield code="a">fre</subfield></datafield><datafield ind1=" " ind2=" " tag="080"><subfield code="a">539</subfield></datafield><datafield ind1="1" ind2=" " tag="100"><subfield code="a">Ficq, A</subfield></datafield><datafield ind1="1" ind2="0" tag="245"><subfield code="a">Contribution a l'etude du metabolisme cellulaire au moyen de la methode autoradiographique</subfield><subfield code="b">Monographie no.9</subfield><subfield code="c">A. ficq</subfield></datafield><datafield ind1=" " ind2=" " tag="260"><subfield code="a">Bruxelles</subfield><subfield code="b">Institut Interuniversitaire Des Sciences Nucleaires</subfield><subfield code="c">1960</subfield></datafield><datafield ind1=" " ind2=" " tag="300"><subfield code="a">121P</subfield></datafield><datafield ind1=" " ind2=" " tag="490"><subfield code="a">Iisn - Monographie</subfield><subfield code="v">No.9</subfield></datafield><datafield ind1=" " ind2=" " tag="852"><subfield code="a">17834</subfield><subfield code="c">539</subfield></datafield><datafield ind1=" " ind2=" " tag="CAT"><subfield code="a">Sys</subfield><subfield code="c">20110927</subfield><subfield code="h">134734</subfield></datafield></record></collection>